<record><leader>00000cas a22000007a 4500</leader><controlfield tag="001">14156816</controlfield><controlfield tag="008">860828d18751881wiuwr ne      0    0eng d</controlfield><datafield ind1=" " ind2=" " tag="010"><subfield code="a">sn 86086657 </subfield></datafield><datafield ind1=" " ind2=" " tag="040"><subfield code="a">NPV</subfield><subfield code="b">eng</subfield><subfield code="c">NPV</subfield><subfield code="d">NPX</subfield><subfield code="d">NPV</subfield><subfield code="d">OCLCQ</subfield></datafield><datafield ind1=" " ind2=" " tag="042"><subfield code="a">msc</subfield></datafield><datafield ind1=" " ind2=" " tag="045"><subfield code="a">w7w8</subfield></datafield><datafield ind1=" " ind2=" " tag="052"><subfield code="a">4123</subfield><subfield code="b">T3</subfield></datafield><datafield ind1="0" ind2=" " tag="130"><subfield code="a">Taylor County news (Medford, Wis. : 1875)</subfield></datafield><datafield ind1="1" ind2="0" tag="245"><subfield code="a">Taylor County news.</subfield></datafield><datafield ind1=" " ind2=" " tag="260"><subfield code="a">Medford, Wis. :</subfield><subfield code="b">Ogden Bros.</subfield></datafield><datafield ind1=" " ind2=" " tag="300"><subfield code="a">v.</subfield></datafield><datafield ind1=" " ind2=" " tag="310"><subfield code="a">Weekly</subfield></datafield><datafield ind1="1" ind2=" " tag="362"><subfield code="a">Began with Mar. 31, 1875 issue; ceased with Apr. 27, 1881 issue.</subfield><subfield code="z">Cf. Oehlerts, d. E. Guide to Wis. newspapers.</subfield></datafield><datafield ind1=" " ind2=" " tag="500"><subfield code="a">Publisher varies.</subfield></datafield><datafield ind1=" " ind2=" " tag="525"><subfield code="a">Supplements accompany some issues.</subfield></datafield><datafield ind1=" " ind2=" " tag="588"><subfield code="a">Description based on : vol. 1, no. 2 (Apr. 7, 1875).</subfield></datafield><datafield ind1=" " ind2=" " tag="752"><subfield code="a">United States</subfield><subfield code="b">Wisconsin</subfield><subfield code="c">Taylor</subfield><subfield code="d">Medford.</subfield></datafield></record>